%!TEX root =  index.tex

@INPROCEEDINGS{LangAutLogic,
    author = {Wolfgang Thomas},
    title = {Languages, Automata, and Logic},
    booktitle = {Handbook of Formal Languages},
    year = {1996},
    pages = {389--455},
    publisher = {Springer}
}

@article{CombTheoryOmegaAut,
  author    = {Wolfgang Thomas},
  title     = {A Combinatorial Approach to the Theory of omega-Automata},
  journal   = {Information and Control},
  volume    = {48},
  number    = {3},
  year      = {1981},
  pages     = {261-283},
  bibsource = {DBLP, http://dblp.uni-trier.de}
}
